<?xml version="1.0" encoding="UTF-8"?><collection><record><leader>08458ntm a2200601 a 4500</leader><controlfield tag="001">005984406</controlfield><controlfield tag="003">MiAaHDL</controlfield><controlfield tag="005">20190719000000.0</controlfield><controlfield tag="006">m        d        </controlfield><controlfield tag="007">cr bn ---auaua</controlfield><controlfield tag="008">090403q14391499aj            00| ||ara d</controlfield><datafield tag="035" ind1=" " ind2=" "><subfield code="a">(MiU)005984406</subfield></datafield><datafield tag="035" ind1=" " ind2=" "><subfield code="a">sdr-miu005984406</subfield></datafield><datafield tag="040" ind1=" " ind2=" "><subfield code="a">MiU</subfield><subfield code="c">MiU</subfield><subfield code="e">amremm</subfield></datafield><datafield tag="043" ind1=" " ind2=" "><subfield code="a">n-us-mi</subfield></datafield><datafield tag="100" ind1="1" ind2=" "><subfield code="6">880-01</subfield><subfield code="a">Taftāzānī, Masʻūd ibn ʻUmar,</subfield><subfield code="d">1322-1389?</subfield></datafield><datafield tag="245" ind1="1" ind2="0"><subfield code="6">880-03</subfield><subfield code="a">[Sharḥ al-ʻAqāʼid al-Nasafīyah ... etc.,</subfield><subfield code="f">15th century].</subfield></datafield><datafield tag="246" ind1="3" ind2=" "><subfield code="i">Title from inscription on p.1:</subfield><subfield code="a">كتاب العقائد النسفية</subfield></datafield><datafield tag="260" ind1=" " ind2=" "><subfield code="a">[Şămkir,</subfield><subfield code="c">1449-1499].</subfield></datafield><datafield tag="300" ind1=" " ind2=" "><subfield code="a">165 leaves :</subfield><subfield code="b">paper ;</subfield><subfield code="c">225 x 145 (105-130 x 60-90) mm. bound to 225 x 153 mm.</subfield></datafield><datafield tag="500" ind1=" " ind2=" "><subfield code="a">Shelfmark: Ann Arbor, University of Michigan, Special Collections Library, Isl. Ms. 28</subfield></datafield><datafield tag="500" ind1=" " ind2=" "><subfield code="a">Origin: A nearly unpointed and freely ligatured statement on fol.6b (p.12) appears to be the colophon for the ʻAqāʼid. The name of the copyist is difficult to make out, but may be Kamāl al-Dīn ibn Mawlānā Ḥusayn al-Dīn, with transcription completed in 843 [1439 or 1440] in Shamkūr (شمكور), i.e. Şămkir [Shamkir, Azerbaijan]. A colophon for Sharḥ al-ʻAqāʼid appears on fol.163b (p.338), copied by Jār Allāh ibn Mawlānā Kamāl al-Dīn also in Shamkūr (شمكور) with date of transcription not provided. Likely also 15th century.</subfield></datafield><datafield tag="500" ind1=" " ind2=" "><subfield code="a">Accompanying materials: Several inserted slips carrying text of gloss, etc., nearly all tipped in (paginated pp.27-28, pp.33-34, pp.37-38, pp.45-46, pp.51-52, pp.213-214, pp.295-296).</subfield></datafield><datafield tag="500" ind1=" " ind2=" "><subfield code="a">Former shelfmark: British Museum, London "No. 113. Al-Akaid, with commentary."</subfield></datafield><datafield tag="500" ind1=" " ind2=" "><subfield code="a">Binding: Pasteboards covered in dark brown leather (sheep) ; Type II binding (with flap) ; board linings in laid paper (over green cloth on lower cover) ; upper and lower covers bear simple blind-tooled vegetal design along center line, now barely visible ; blind-stamped pendant on envelope flap ; sewn in light brown thread, two stations ; endbands in red and blue, damaged leaving core and primaries exposed ; in poor condition with much abrasion, staining, moisture damage, negative draw in upper cover, detaching of cover exposing spine lining and sewing, delamination of boards, lifting and detaching of leathers, repairs in a variety of leathers and cloth, etc.</subfield></datafield><datafield tag="500" ind1=" " ind2=" "><subfield code="a">Support: non-European laid paper of roughly three types ; first type with roughly 7 laid lines per cm. (vertical), fairly indistinct with some curving, chain lines visible and spaced roughly 16-18 mm. apart perhaps in groups of at least four ; second type quite dark (brown) with many undissolved fibers visible and rather indistinct laid lines (horizontal) and perhaps chain lines (difficult to measure), well-burnished and quite smooth ; third type with laid lines spaced roughly 7 laid lines per cm. (horizontal) and chain lines spaced about 15 mm. apart in groups of at least three, more similar to first type in color and texture.</subfield></datafield><datafield tag="500" ind1=" " ind2=" "><subfield code="a">Decoration: Text of Sharḥ al-ʻAqāʼid rubricated with keywords, section headings, overlining, text of matn, etc. in red ; textual dividers in the form of red discs.</subfield></datafield><datafield tag="500" ind1=" " ind2=" "><subfield code="a">Script: Naskh ; main texts of the ʻAqāʼid and Sharḥ al-ʻAqāʼid chiefly in two Caucasian hands ; both are virtually serifless with mainly closed counters, occasional sweeping descenders (final nun, etc.), free assimilation of some letters such as final hāʼ and preceding rāʼ, etc. and slight effect of words descending to baseline or tilt to the right (more pronounced in the hand of the ʻAqāʼid) ; casually pointed and often freely ligatured.</subfield></datafield><datafield tag="500" ind1=" " ind2=" "><subfield code="a">Layout: Written in 11 lines per page [the ʻAqāʼid] and 9-10 lines per page [Sharḥ al-ʻAqāʼid] ; frame-ruled.</subfield></datafield><datafield tag="500" ind1=" " ind2=" "><subfield code="a">Collation: IV+1 (9), 19 IV(161), II (165) ; chiefly quaternions ; what remains of final leaf now pasted to interior of lower cover ; catchwords occasionally present, otherwise last word of final line on verso repeated at beginning of top line on recto of following leaf ; pagination in pencil, Western numerals, supplied during digitization (includes inserts and skips two pages between pp.141-142).</subfield></datafield><datafield tag="500" ind1=" " ind2=" "><subfield code="a">Colophon: [al-ʻAqāʼid] "Scribal," rectangular, reads: "حرره [؟] الفقير النحيف والحقير الضعيف كمال [؟] الحمري [؟] بن مولانا حسين الحمرى [؟] عفي عنهما الثالث من [...؟] لسنة [؟] ثلث واربعين وثمانمائة في ناحية شمكور ...حميت عن الآفات والبليات" ; [Sharḥ al-ʻAqāʼid] "Scribal," rectangular, reads:"تم الكتاب بعون الملك الوهاب على يد اضعف الطلاب جرما واقواهم جرما المحتاج الى رحمة الله جار الله بن مولانا كمال الدين نور الله قبره في ناحية شمكور حميت عن الآفات في الايام والدهور"</subfield></datafield><datafield tag="500" ind1=" " ind2=" "><subfield code="a">Explicit: [al-ʻAqāʼid] "ورسل البشر افضل من رسل الملائكة ورسل الملائكة افضل من عامة البشر وعامة البشر افضل من عامة الملائكة والله اعلم بالصواب واليه المرجع والمآب" [Sharḥ al-ʻAqāʼid] "والكمال فلا دلالة على افضلية الملائكة والله اعلم بالصواب واليه المرجع والمآب"</subfield></datafield><datafield tag="500" ind1=" " ind2=" "><subfield code="a">Incipit: [al-ʻAqāʼid] "الحمد لله رب العالمين والصلوة والسلام على سيدنا محمد واله اجمعين قال اهل الحق حقائق الاشياء ثابتة والعلم بها متحقق خلافا للسوفسطائية ..." [Sharḥ al-ʻAqāʼid] "الحمد لله المتوحد بجلال ذاته وكمال صفاته المتقدس في نعوت الجبروت عن شوائب النقص وسماته ... وبعد فان مبنى علم الشرائع والاحكام واساس قواعد عقائد الاسلام هو علم التوحيد ... وان المختصر المسمى بالعقائد للامام الهمام قدوة علماء الاسلام نجم الملة والدين عمر النسفي اعلى الله درجته في دار السلام يشتمل هذا الفن غرر الفرائد ودرر الفوائد في ضمن فصول هي للدين قواعد واصول ..."</subfield></datafield><datafield tag="500" ind1=" " ind2=" "><subfield code="a">Title supplied by cataloguer.</subfield></datafield><datafield tag="500" ind1=" " ind2=" "><subfield code="a">Ms. composite codex.</subfield></datafield><datafield tag="505" ind1="0" ind2=" "><subfield code="a">4. fol.164a-165b : [once blank, now carries extratextual material, excerpts, etc.].</subfield></datafield><datafield tag="505" ind1="0" ind2=" "><subfield code="a">3. fol.10b-fol.163b : [Sharḥ al-ʻAqāʼid] / Saʻd al-Dīn Masʻūd ibn ʻUmar al-Taftāzānī.</subfield></datafield><datafield tag="505" ind1="0" ind2=" "><subfield code="a">2. fol.7a-fol.10a : [extratextual material, excerpts, etc.].</subfield></datafield><datafield tag="505" ind1="0" ind2=" "><subfield code="a">1. fol.1b-fol.6b : [al-ʻAqāʼid] / Abū Ḥafṣ ʻUmar Najm al-Dīn al-Māturīdī al-Nasafī.</subfield></datafield><datafield tag="510" ind1="4" ind2=" "><subfield code="a">Brockelmann, C. GAL.</subfield><subfield code="c">I, 427</subfield></datafield><datafield tag="520" ind1="8" ind2=" "><subfield code="a">Well-glossed copy of al-Taftāzānī's commentary on the popular creed, al-ʻAqāʼid al-Nasafīyah of Abū Ḥafs ʻUmar Najm al-Dīn al-Māturīdī al-Nasafī (d. 537/1142), preceded by the text of the ʻAqāʼid itself.</subfield></datafield><datafield tag="538" ind1=" " ind2=" "><subfield code="a">Mode of access: Internet.</subfield></datafield><datafield tag="541" ind1=" " ind2=" "><subfield code="c">Purchase ;</subfield><subfield code="a">Acquired by purchase along with Abdul Hamid Collection (funds donated by Horace Rackham).</subfield><subfield code="d">1924.</subfield></datafield><datafield tag="546" ind1=" " ind2=" "><subfield code="a">Arabic.</subfield></datafield><datafield tag="561" ind1=" " ind2=" "><subfield code="a">Bookplate of British Museum, London on inner front cover,"British Museum, London. No. 113. Al-Akaid, with commentary." ; circular seal impression with figure of goat/gazelle in purple ink as well as inscription "265" [?] in Western numerals on fol.1a (p.1) ; seal of Solomon inscription (with greatest name of God / al-Ism al-Aʻẓam) also on fol.1a (p.1) ; extensive marginal and interlinear glosses in the Sharḥ ; occasional corrections.</subfield></datafield><datafield tag="600" ind1="1" ind2="0"><subfield code="a">Nasafī, ʻUmar ibn Muḥammad,</subfield><subfield code="d">1068?-1142.</subfield><subfield code="t">ʻAqāʼid.</subfield></datafield><datafield tag="650" ind1=" " ind2="0"><subfield code="a">Manuscripts, Arabic</subfield><subfield code="z">Michigan</subfield><subfield code="z">Ann Arbor.</subfield></datafield><datafield tag="650" ind1=" " ind2="0"><subfield code="a">Islam</subfield><subfield code="x">Doctrines</subfield><subfield code="v">Early works to 1800.</subfield></datafield><datafield tag="700" ind1="1" ind2="2"><subfield code="6">880-04</subfield><subfield code="a">Nasafī, ʻUmar ibn Muḥammad,</subfield><subfield code="d">1068?-1142.</subfield><subfield code="t">ʻAqāʼid.</subfield></datafield><datafield tag="773" ind1="0" ind2=" "><subfield code="a">Tiflis Collection.</subfield></datafield><datafield tag="880" ind1="1" ind2="2"><subfield code="6">700-04/</subfield><subfield code="a">نسفي، عمر بن محمد,</subfield><subfield code="d">1068?-1142.</subfield><subfield code="t">عقائد</subfield></datafield><datafield tag="880" ind1="1" ind2="0"><subfield code="6">245-03/</subfield><subfield code="a">[شرح العقائد النسفية ... الخ,</subfield><subfield code="f">القرن 15م].</subfield></datafield><datafield tag="880" ind1="1" ind2=" "><subfield code="6">100-01/</subfield><subfield code="a">تفتازاني، مسعود بن عمر</subfield></datafield><datafield tag="CID" ind1=" " ind2=" "><subfield code="a">005984406</subfield></datafield><datafield tag="DAT" ind1="0" ind2=" "><subfield code="a">20190719102633.0</subfield><subfield code="b">20190719000000.0</subfield></datafield><datafield tag="DAT" ind1="1" ind2=" "><subfield code="a">20190719090653.0</subfield><subfield code="b">2019-07-19T16:11:12Z</subfield></datafield><datafield tag="DAT" ind1="2" ind2=" "><subfield code="a">2015-10-02T18:00:03Z</subfield></datafield><datafield tag="CAT" ind1=" " ind2=" "><subfield code="a">SDR-MIU</subfield><subfield code="d">EX LIBRIS - ALEPH</subfield><subfield code="l">prepare.pl-004-008</subfield></datafield><datafield tag="FMT" ind1=" " ind2=" "><subfield code="a">BK</subfield></datafield><datafield tag="HOL" ind1=" " ind2=" "><subfield code="0">sdr-miu005984406</subfield><subfield code="a">MiU</subfield><subfield code="b">SDR</subfield><subfield code="c">MIU</subfield><subfield code="p">mdp.39015079105618</subfield><subfield code="s">MIU</subfield><subfield code="1">005984406</subfield></datafield><datafield tag="974" ind1=" " ind2=" "><subfield code="b">MIU</subfield><subfield code="c">MIU</subfield><subfield code="d">20190719</subfield><subfield code="s">lit-dlps-dc</subfield><subfield code="u">mdp.39015079105618</subfield><subfield code="y">1499</subfield><subfield code="r">pd</subfield><subfield code="q">bib</subfield><subfield code="t">non-US bib date2 &lt; 1896</subfield></datafield></record></collection>